@misc{pklotdataset2013,
  author       = {Almeida, Paulo and Oliveira, Luiz S. and Silva, Eunelson J. and {Britto Jr}, Alceu S. and Koerich, Alessandro},
  title        = {PKLot: A robust dataset for parking lot classification},
  year         = {2013},
  howpublished = {\url{http://web.inf.ufpr.br/vri/parking-lot-database}},
  note         = {Universidade Federal do Paraná \& Pontifícia Universidade Católica do Paraná}
}

@article{joseph2022optimal,
  title={Optimal ratio for data splitting},
  author={Joseph, V. Roshan},
  journal={Statistical Analysis and Data Mining: The ASA Data Science Journal},
  volume={15},
  number={4},
  pages={531--538},
  year={2022},
  publisher={Wiley},
  doi={10.1002/sam.11583}
}

@inproceedings{Hsieh_2017_ICCV,
Author = {Meng-Ru Hsieh and Yen-Liang Lin and Winston H. Hsu},
Booktitle = {The IEEE International Conference on Computer Vision (ICCV)},
Title = {Drone-based Object Counting by Spatially Regularized Regional Proposal Networks},
Year = {2017},
organization={IEEE}
}

@misc{muhwira_parkinglot_n.d.,
  author       = {Muhwira},
  title        = {Parking Lot Dataset},
  year         = {2024},
  month        = {10},
  howpublished = {\url{https://www.kaggle.com/datasets/muhwira/parking-lot-dataset}},
  note         = {Dataset. Accessed: 2025-04-06},
}
